%YAML 1.1
%TAG !u! tag:unity3d.com,2011:
--- !u!1 &1943253666118083968
GameObject:
  m_ObjectHideFlags: 0
  m_CorrespondingSourceObject: {fileID: 0}
  m_PrefabInstance: {fileID: 0}
  m_PrefabAsset: {fileID: 0}
  serializedVersion: 6
  m_Component:
  - component: {fileID: 1943253666118083973}
  - component: {fileID: 1943253666118083970}
  - component: {fileID: 1943253666118083969}
  - component: {fileID: 1943253666118083974}
  m_Layer: 5
  m_Name: DualSMGPickup
  m_TagString: Untagged
  m_Icon: {fileID: 0}
  m_NavMeshLayer: 0
  m_StaticEditorFlags: 0
  m_IsActive: 1
--- !u!4 &1943253666118083973
Transform:
  m_ObjectHideFlags: 0
  m_CorrespondingSourceObject: {fileID: 0}
  m_PrefabInstance: {fileID: 0}
  m_PrefabAsset: {fileID: 0}
  m_GameObject: {fileID: 1943253666118083968}
  m_LocalRotation: {x: 0, y: 0, z: 0, w: 1}
  m_LocalPosition: {x: -22.049973, y: 3.08759, z: 17.8}
  m_LocalScale: {x: 1, y: 1, z: 1}
  m_Children:
  - {fileID: 5492224271740794199}
  - {fileID: 3088914310228933515}
  m_Father: {fileID: 0}
  m_RootOrder: 0
  m_LocalEulerAnglesHint: {x: 0, y: 0, z: 0}
--- !u!135 &1943253666118083970
SphereCollider:
  m_ObjectHideFlags: 0
  m_CorrespondingSourceObject: {fileID: 0}
  m_PrefabInstance: {fileID: 0}
  m_PrefabAsset: {fileID: 0}
  m_GameObject: {fileID: 1943253666118083968}
  m_Material: {fileID: 0}
  m_IsTrigger: 1
  m_Enabled: 1
  serializedVersion: 2
  m_Radius: 0.5
  m_Center: {x: 0, y: 1.5, z: 0}
--- !u!114 &1943253666118083969
MonoBehaviour:
  m_ObjectHideFlags: 0
  m_CorrespondingSourceObject: {fileID: 0}
  m_PrefabInstance: {fileID: 0}
  m_PrefabAsset: {fileID: 0}
  m_GameObject: {fileID: 1943253666118083968}
  m_Enabled: 1
  m_EditorHideFlags: 0
  m_Script: {fileID: 11500000, guid: 80d89e015e2d40f4382c56f4e6d888ea, type: 3}
  m_Name: 
  m_EditorClassIdentifier: 
  type: 1
  mesh: {fileID: 6541310974486665493}
  particleSystem: {fileID: 3088914310248381971}
  respawnTimer: 10
  pickupSounds:
  - {fileID: 8300000, guid: 9bcbc9dfa64976d45b7d34fd2ceaa109, type: 3}
  ammoPercentage: 1
  weaponIndex: 2
  giveDualWeapons: 1
--- !u!82 &1943253666118083974
AudioSource:
  m_ObjectHideFlags: 0
  m_CorrespondingSourceObject: {fileID: 0}
  m_PrefabInstance: {fileID: 0}
  m_PrefabAsset: {fileID: 0}
  m_GameObject: {fileID: 1943253666118083968}
  m_Enabled: 1
  serializedVersion: 4
  OutputAudioMixerGroup: {fileID: 0}
  m_audioClip: {fileID: 0}
  m_PlayOnAwake: 0
  m_Volume: 1
  m_Pitch: 1
  Loop: 0
  Mute: 0
  Spatialize: 0
  SpatializePostEffects: 0
  Priority: 128
  DopplerLevel: 1
  MinDistance: 10
  MaxDistance: 500
  Pan2D: 0
  rolloffMode: 0
  BypassEffects: 0
  BypassListenerEffects: 0
  BypassReverbZones: 0
  rolloffCustomCurve:
    serializedVersion: 2
    m_Curve:
    - serializedVersion: 3
      time: 0
      value: 1
      inSlope: 0
      outSlope: 0
      tangentMode: 0
      weightedMode: 0
      inWeight: 0.33333334
      outWeight: 0.33333334
    - serializedVersion: 3
      time: 1
      value: 0
      inSlope: 0
      outSlope: 0
      tangentMode: 0
      weightedMode: 0
      inWeight: 0.33333334
      outWeight: 0.33333334
    m_PreInfinity: 2
    m_PostInfinity: 2
    m_RotationOrder: 4
  panLevelCustomCurve:
    serializedVersion: 2
    m_Curve:
    - serializedVersion: 3
      time: 0
      value: 1
      inSlope: 0
      outSlope: 0
      tangentMode: 0
      weightedMode: 0
      inWeight: 0.33333334
      outWeight: 0.33333334
    m_PreInfinity: 2
    m_PostInfinity: 2
    m_RotationOrder: 4
  spreadCustomCurve:
    serializedVersion: 2
    m_Curve:
    - serializedVersion: 3
      time: 0
      value: 0
      inSlope: 0
      outSlope: 0
      tangentMode: 0
      weightedMode: 0
      inWeight: 0.33333334
      outWeight: 0.33333334
    m_PreInfinity: 2
    m_PostInfinity: 2
    m_RotationOrder: 4
  reverbZoneMixCustomCurve:
    serializedVersion: 2
    m_Curve:
    - serializedVersion: 3
      time: 0
      value: 1
      inSlope: 0
      outSlope: 0
      tangentMode: 0
      weightedMode: 0
      inWeight: 0.33333334
      outWeight: 0.33333334
    m_PreInfinity: 2
    m_PostInfinity: 2
    m_RotationOrder: 4
--- !u!1 &6541310974486665493
GameObject:
  m_ObjectHideFlags: 0
  m_CorrespondingSourceObject: {fileID: 0}
  m_PrefabInstance: {fileID: 0}
  m_PrefabAsset: {fileID: 0}
  serializedVersion: 6
  m_Component:
  - component: {fileID: 5492224271740794199}
  m_Layer: 5
  m_Name: Mesh
  m_TagString: Untagged
  m_Icon: {fileID: 0}
  m_NavMeshLayer: 0
  m_StaticEditorFlags: 0
  m_IsActive: 1
--- !u!4 &5492224271740794199
Transform:
  m_ObjectHideFlags: 0
  m_CorrespondingSourceObject: {fileID: 0}
  m_PrefabInstance: {fileID: 0}
  m_PrefabAsset: {fileID: 0}
  m_GameObject: {fileID: 6541310974486665493}
  m_LocalRotation: {x: 0, y: 0, z: 0, w: 1}
  m_LocalPosition: {x: 0, y: 0, z: 0}
  m_LocalScale: {x: 1, y: 1, z: 1}
  m_Children:
  - {fileID: 3743546092102950072}
  - {fileID: 6024463416197608125}
  m_Father: {fileID: 1943253666118083973}
  m_RootOrder: 0
  m_LocalEulerAnglesHint: {x: 0, y: 0, z: 0}
--- !u!1001 &1648745450084424103
PrefabInstance:
  m_ObjectHideFlags: 0
  serializedVersion: 2
  m_Modification:
    m_TransformParent: {fileID: 5492224271740794199}
    m_Modifications:
    - target: {fileID: -927199367670048503, guid: 45750dd6836986d4b8486c9ea205badc,
        type: 3}
      propertyPath: m_Name
      value: Skorpion_Sub_Mesh (1)
      objectReference: {fileID: 0}
    - target: {fileID: -927199367670048503, guid: 45750dd6836986d4b8486c9ea205badc,
        type: 3}
      propertyPath: m_Layer
      value: 5
      objectReference: {fileID: 0}
    - target: {fileID: -928208058369757064, guid: 45750dd6836986d4b8486c9ea205badc,
        type: 3}
      propertyPath: m_Layer
      value: 5
      objectReference: {fileID: 0}
    - target: {fileID: -3999432330517344199, guid: 45750dd6836986d4b8486c9ea205badc,
        type: 3}
      propertyPath: m_Layer
      value: 5
      objectReference: {fileID: 0}
    - target: {fileID: -5295224123996708082, guid: 45750dd6836986d4b8486c9ea205badc,
        type: 3}
      propertyPath: m_Layer
      value: 5
      objectReference: {fileID: 0}
    - target: {fileID: -4216859302048453862, guid: 45750dd6836986d4b8486c9ea205badc,
        type: 3}
      propertyPath: m_LocalPosition.x
      value: -0.415
      objectReference: {fileID: 0}
    - target: {fileID: -4216859302048453862, guid: 45750dd6836986d4b8486c9ea205badc,
        type: 3}
      propertyPath: m_LocalPosition.y
      value: 1.548
      objectReference: {fileID: 0}
    - target: {fileID: -4216859302048453862, guid: 45750dd6836986d4b8486c9ea205badc,
        type: 3}
      propertyPath: m_LocalPosition.z
      value: 0.07
      objectReference: {fileID: 0}
    - target: {fileID: -4216859302048453862, guid: 45750dd6836986d4b8486c9ea205badc,
        type: 3}
      propertyPath: m_LocalRotation.x
      value: 0.30070576
      objectReference: {fileID: 0}
    - target: {fileID: -4216859302048453862, guid: 45750dd6836986d4b8486c9ea205badc,
        type: 3}
      propertyPath: m_LocalRotation.y
      value: 0.953717
      objectReference: {fileID: 0}
    - target: {fileID: -4216859302048453862, guid: 45750dd6836986d4b8486c9ea205badc,
        type: 3}
      propertyPath: m_LocalRotation.z
      value: 0
      objectReference: {fileID: 0}
    - target: {fileID: -4216859302048453862, guid: 45750dd6836986d4b8486c9ea205badc,
        type: 3}
      propertyPath: m_LocalRotation.w
      value: 0
      objectReference: {fileID: 0}
    - target: {fileID: -4216859302048453862, guid: 45750dd6836986d4b8486c9ea205badc,
        type: 3}
      propertyPath: m_RootOrder
      value: 1
      objectReference: {fileID: 0}
    - target: {fileID: -4216859302048453862, guid: 45750dd6836986d4b8486c9ea205badc,
        type: 3}
      propertyPath: m_LocalEulerAnglesHint.x
      value: 0
      objectReference: {fileID: 0}
    - target: {fileID: -4216859302048453862, guid: 45750dd6836986d4b8486c9ea205badc,
        type: 3}
      propertyPath: m_LocalEulerAnglesHint.y
      value: 180
      objectReference: {fileID: 0}
    - target: {fileID: -4216859302048453862, guid: 45750dd6836986d4b8486c9ea205badc,
        type: 3}
      propertyPath: m_LocalEulerAnglesHint.z
      value: 35
      objectReference: {fileID: 0}
    - target: {fileID: -4216859302048453862, guid: 45750dd6836986d4b8486c9ea205badc,
        type: 3}
      propertyPath: m_LocalScale.x
      value: 2
      objectReference: {fileID: 0}
    - target: {fileID: -4216859302048453862, guid: 45750dd6836986d4b8486c9ea205badc,
        type: 3}
      propertyPath: m_LocalScale.y
      value: 2
      objectReference: {fileID: 0}
    - target: {fileID: -4216859302048453862, guid: 45750dd6836986d4b8486c9ea205badc,
        type: 3}
      propertyPath: m_LocalScale.z
      value: 2
      objectReference: {fileID: 0}
    - target: {fileID: 8095316801808479844, guid: 45750dd6836986d4b8486c9ea205badc,
        type: 3}
      propertyPath: m_LocalPosition.x
      value: -0.07921261
      objectReference: {fileID: 0}
    - target: {fileID: -304430931267821424, guid: 45750dd6836986d4b8486c9ea205badc,
        type: 3}
      propertyPath: m_LocalPosition.x
      value: -0.225
      objectReference: {fileID: 0}
    - target: {fileID: -304430931267821424, guid: 45750dd6836986d4b8486c9ea205badc,
        type: 3}
      propertyPath: m_LocalRotation.y
      value: 0
      objectReference: {fileID: 0}
    - target: {fileID: -304430931267821424, guid: 45750dd6836986d4b8486c9ea205badc,
        type: 3}
      propertyPath: m_LocalRotation.z
      value: 1
      objectReference: {fileID: 0}
    - target: {fileID: -304430931267821424, guid: 45750dd6836986d4b8486c9ea205badc,
        type: 3}
      propertyPath: m_LocalRotation.w
      value: 0
      objectReference: {fileID: 0}
    - target: {fileID: -304430931267821424, guid: 45750dd6836986d4b8486c9ea205badc,
        type: 3}
      propertyPath: m_LocalEulerAnglesHint.z
      value: 180
      objectReference: {fileID: 0}
    - target: {fileID: -8241939591566379953, guid: 45750dd6836986d4b8486c9ea205badc,
        type: 3}
      propertyPath: m_LocalPosition.x
      value: 0.015266873
      objectReference: {fileID: 0}
    - target: {fileID: -7431826985491116649, guid: 45750dd6836986d4b8486c9ea205badc,
        type: 3}
      propertyPath: m_Materials.Array.data[0]
      value: 
      objectReference: {fileID: 2100000, guid: e1d83d0dd15082e4c91ca3160f44d39e, type: 2}
    - target: {fileID: 691434897195143349, guid: 45750dd6836986d4b8486c9ea205badc,
        type: 3}
      propertyPath: m_Materials.Array.data[0]
      value: 
      objectReference: {fileID: 2100000, guid: e1d83d0dd15082e4c91ca3160f44d39e, type: 2}
    - target: {fileID: -2621413714742118295, guid: 45750dd6836986d4b8486c9ea205badc,
        type: 3}
      propertyPath: m_Materials.Array.data[0]
      value: 
      objectReference: {fileID: 2100000, guid: e1d83d0dd15082e4c91ca3160f44d39e, type: 2}
    m_RemovedComponents: []
  m_SourcePrefab: {fileID: 100100000, guid: 45750dd6836986d4b8486c9ea205badc, type: 3}
--- !u!4 &6024463416197608125 stripped
Transform:
  m_CorrespondingSourceObject: {fileID: -4216859302048453862, guid: 45750dd6836986d4b8486c9ea205badc,
    type: 3}
  m_PrefabInstance: {fileID: 1648745450084424103}
  m_PrefabAsset: {fileID: 0}
--- !u!1001 &3088914310229392511
PrefabInstance:
  m_ObjectHideFlags: 0
  serializedVersion: 2
  m_Modification:
    m_TransformParent: {fileID: 1943253666118083973}
    m_Modifications:
    - target: {fileID: 194316, guid: 11387396ccd933544b0567a831ce751a, type: 3}
      propertyPath: m_Name
      value: magic_ring_03
      objectReference: {fileID: 0}
    - target: {fileID: 194316, guid: 11387396ccd933544b0567a831ce751a, type: 3}
      propertyPath: m_Layer
      value: 5
      objectReference: {fileID: 0}
    - target: {fileID: 460788, guid: 11387396ccd933544b0567a831ce751a, type: 3}
      propertyPath: m_LocalPosition.x
      value: 0
      objectReference: {fileID: 0}
    - target: {fileID: 460788, guid: 11387396ccd933544b0567a831ce751a, type: 3}
      propertyPath: m_LocalPosition.y
      value: 0.01
      objectReference: {fileID: 0}
    - target: {fileID: 460788, guid: 11387396ccd933544b0567a831ce751a, type: 3}
      propertyPath: m_LocalPosition.z
      value: 0
      objectReference: {fileID: 0}
    - target: {fileID: 460788, guid: 11387396ccd933544b0567a831ce751a, type: 3}
      propertyPath: m_LocalRotation.x
      value: -0.7071068
      objectReference: {fileID: 0}
    - target: {fileID: 460788, guid: 11387396ccd933544b0567a831ce751a, type: 3}
      propertyPath: m_LocalRotation.y
      value: 0
      objectReference: {fileID: 0}
    - target: {fileID: 460788, guid: 11387396ccd933544b0567a831ce751a, type: 3}
      propertyPath: m_LocalRotation.z
      value: 0
      objectReference: {fileID: 0}
    - target: {fileID: 460788, guid: 11387396ccd933544b0567a831ce751a, type: 3}
      propertyPath: m_LocalRotation.w
      value: 0.7071068
      objectReference: {fileID: 0}
    - target: {fileID: 460788, guid: 11387396ccd933544b0567a831ce751a, type: 3}
      propertyPath: m_RootOrder
      value: 1
      objectReference: {fileID: 0}
    - target: {fileID: 460788, guid: 11387396ccd933544b0567a831ce751a, type: 3}
      propertyPath: m_LocalEulerAnglesHint.x
      value: -90
      objectReference: {fileID: 0}
    - target: {fileID: 460788, guid: 11387396ccd933544b0567a831ce751a, type: 3}
      propertyPath: m_LocalEulerAnglesHint.y
      value: 0
      objectReference: {fileID: 0}
    - target: {fileID: 460788, guid: 11387396ccd933544b0567a831ce751a, type: 3}
      propertyPath: m_LocalEulerAnglesHint.z
      value: 0
      objectReference: {fileID: 0}
    - target: {fileID: 492610, guid: 11387396ccd933544b0567a831ce751a, type: 3}
      propertyPath: m_LocalScale.x
      value: 0.3
      objectReference: {fileID: 0}
    - target: {fileID: 492610, guid: 11387396ccd933544b0567a831ce751a, type: 3}
      propertyPath: m_LocalScale.y
      value: 0.3
      objectReference: {fileID: 0}
    - target: {fileID: 492610, guid: 11387396ccd933544b0567a831ce751a, type: 3}
      propertyPath: m_LocalScale.z
      value: 0.3
      objectReference: {fileID: 0}
    - target: {fileID: 458518, guid: 11387396ccd933544b0567a831ce751a, type: 3}
      propertyPath: m_LocalScale.x
      value: 0.3
      objectReference: {fileID: 0}
    - target: {fileID: 458518, guid: 11387396ccd933544b0567a831ce751a, type: 3}
      propertyPath: m_LocalScale.y
      value: 0.3
      objectReference: {fileID: 0}
    - target: {fileID: 458518, guid: 11387396ccd933544b0567a831ce751a, type: 3}
      propertyPath: m_LocalScale.z
      value: 0.3
      objectReference: {fileID: 0}
    - target: {fileID: 161942, guid: 11387396ccd933544b0567a831ce751a, type: 3}
      propertyPath: m_Layer
      value: 5
      objectReference: {fileID: 0}
    - target: {fileID: 149440, guid: 11387396ccd933544b0567a831ce751a, type: 3}
      propertyPath: m_Layer
      value: 5
      objectReference: {fileID: 0}
    - target: {fileID: 134216, guid: 11387396ccd933544b0567a831ce751a, type: 3}
      propertyPath: m_Layer
      value: 5
      objectReference: {fileID: 0}
    - target: {fileID: 131346, guid: 11387396ccd933544b0567a831ce751a, type: 3}
      propertyPath: m_Layer
      value: 5
      objectReference: {fileID: 0}
    - target: {fileID: 19824440, guid: 11387396ccd933544b0567a831ce751a, type: 3}
      propertyPath: InitialModule.startSizeY.minMaxState
      value: 3
      objectReference: {fileID: 0}
    - target: {fileID: 19824440, guid: 11387396ccd933544b0567a831ce751a, type: 3}
      propertyPath: InitialModule.startSizeZ.minMaxState
      value: 3
      objectReference: {fileID: 0}
    - target: {fileID: 19801460, guid: 11387396ccd933544b0567a831ce751a, type: 3}
      propertyPath: InitialModule.startSize.scalar
      value: 2
      objectReference: {fileID: 0}
    - target: {fileID: 19842814, guid: 11387396ccd933544b0567a831ce751a, type: 3}
      propertyPath: InitialModule.startSizeY.minMaxState
      value: 3
      objectReference: {fileID: 0}
    - target: {fileID: 19842814, guid: 11387396ccd933544b0567a831ce751a, type: 3}
      propertyPath: InitialModule.startSizeZ.minMaxState
      value: 3
      objectReference: {fileID: 0}
    - target: {fileID: 19827508, guid: 11387396ccd933544b0567a831ce751a, type: 3}
      propertyPath: InitialModule.startSize.scalar
      value: 2
      objectReference: {fileID: 0}
    - target: {fileID: 153426, guid: 11387396ccd933544b0567a831ce751a, type: 3}
      propertyPath: m_IsActive
      value: 0
      objectReference: {fileID: 0}
    - target: {fileID: 153426, guid: 11387396ccd933544b0567a831ce751a, type: 3}
      propertyPath: m_Layer
      value: 5
      objectReference: {fileID: 0}
    - target: {fileID: 19863458, guid: 11387396ccd933544b0567a831ce751a, type: 3}
      propertyPath: InitialModule.startSizeY.minMaxState
      value: 3
      objectReference: {fileID: 0}
    - target: {fileID: 19863458, guid: 11387396ccd933544b0567a831ce751a, type: 3}
      propertyPath: InitialModule.startSizeZ.minMaxState
      value: 3
      objectReference: {fileID: 0}
    m_RemovedComponents: []
  m_SourcePrefab: {fileID: 100100000, guid: 11387396ccd933544b0567a831ce751a, type: 3}
--- !u!4 &3088914310228933515 stripped
Transform:
  m_CorrespondingSourceObject: {fileID: 460788, guid: 11387396ccd933544b0567a831ce751a,
    type: 3}
  m_PrefabInstance: {fileID: 3088914310229392511}
  m_PrefabAsset: {fileID: 0}
--- !u!198 &3088914310248381971 stripped
ParticleSystem:
  m_CorrespondingSourceObject: {fileID: 19808876, guid: 11387396ccd933544b0567a831ce751a,
    type: 3}
  m_PrefabInstance: {fileID: 3088914310229392511}
  m_PrefabAsset: {fileID: 0}
--- !u!1001 &8541370918658684834
PrefabInstance:
  m_ObjectHideFlags: 0
  serializedVersion: 2
  m_Modification:
    m_TransformParent: {fileID: 5492224271740794199}
    m_Modifications:
    - target: {fileID: -927199367670048503, guid: 45750dd6836986d4b8486c9ea205badc,
        type: 3}
      propertyPath: m_Name
      value: Skorpion_Sub_Mesh
      objectReference: {fileID: 0}
    - target: {fileID: -927199367670048503, guid: 45750dd6836986d4b8486c9ea205badc,
        type: 3}
      propertyPath: m_Layer
      value: 5
      objectReference: {fileID: 0}
    - target: {fileID: -928208058369757064, guid: 45750dd6836986d4b8486c9ea205badc,
        type: 3}
      propertyPath: m_Layer
      value: 5
      objectReference: {fileID: 0}
    - target: {fileID: -3999432330517344199, guid: 45750dd6836986d4b8486c9ea205badc,
        type: 3}
      propertyPath: m_Layer
      value: 5
      objectReference: {fileID: 0}
    - target: {fileID: -5295224123996708082, guid: 45750dd6836986d4b8486c9ea205badc,
        type: 3}
      propertyPath: m_Layer
      value: 5
      objectReference: {fileID: 0}
    - target: {fileID: -4216859302048453862, guid: 45750dd6836986d4b8486c9ea205badc,
        type: 3}
      propertyPath: m_LocalPosition.x
      value: 0.467
      objectReference: {fileID: 0}
    - target: {fileID: -4216859302048453862, guid: 45750dd6836986d4b8486c9ea205badc,
        type: 3}
      propertyPath: m_LocalPosition.y
      value: 1.564
      objectReference: {fileID: 0}
    - target: {fileID: -4216859302048453862, guid: 45750dd6836986d4b8486c9ea205badc,
        type: 3}
      propertyPath: m_LocalPosition.z
      value: -0.07
      objectReference: {fileID: 0}
    - target: {fileID: -4216859302048453862, guid: 45750dd6836986d4b8486c9ea205badc,
        type: 3}
      propertyPath: m_LocalRotation.x
      value: 0
      objectReference: {fileID: 0}
    - target: {fileID: -4216859302048453862, guid: 45750dd6836986d4b8486c9ea205badc,
        type: 3}
      propertyPath: m_LocalRotation.y
      value: 0
      objectReference: {fileID: 0}
    - target: {fileID: -4216859302048453862, guid: 45750dd6836986d4b8486c9ea205badc,
        type: 3}
      propertyPath: m_LocalRotation.z
      value: 0.30070576
      objectReference: {fileID: 0}
    - target: {fileID: -4216859302048453862, guid: 45750dd6836986d4b8486c9ea205badc,
        type: 3}
      propertyPath: m_LocalRotation.w
      value: 0.953717
      objectReference: {fileID: 0}
    - target: {fileID: -4216859302048453862, guid: 45750dd6836986d4b8486c9ea205badc,
        type: 3}
      propertyPath: m_RootOrder
      value: 0
      objectReference: {fileID: 0}
    - target: {fileID: -4216859302048453862, guid: 45750dd6836986d4b8486c9ea205badc,
        type: 3}
      propertyPath: m_LocalEulerAnglesHint.x
      value: 0
      objectReference: {fileID: 0}
    - target: {fileID: -4216859302048453862, guid: 45750dd6836986d4b8486c9ea205badc,
        type: 3}
      propertyPath: m_LocalEulerAnglesHint.y
      value: 0
      objectReference: {fileID: 0}
    - target: {fileID: -4216859302048453862, guid: 45750dd6836986d4b8486c9ea205badc,
        type: 3}
      propertyPath: m_LocalEulerAnglesHint.z
      value: 35
      objectReference: {fileID: 0}
    - target: {fileID: -4216859302048453862, guid: 45750dd6836986d4b8486c9ea205badc,
        type: 3}
      propertyPath: m_LocalScale.x
      value: 2
      objectReference: {fileID: 0}
    - target: {fileID: -4216859302048453862, guid: 45750dd6836986d4b8486c9ea205badc,
        type: 3}
      propertyPath: m_LocalScale.y
      value: 2
      objectReference: {fileID: 0}
    - target: {fileID: -4216859302048453862, guid: 45750dd6836986d4b8486c9ea205badc,
        type: 3}
      propertyPath: m_LocalScale.z
      value: 2
      objectReference: {fileID: 0}
    - target: {fileID: 8095316801808479844, guid: 45750dd6836986d4b8486c9ea205badc,
        type: 3}
      propertyPath: m_LocalPosition.x
      value: -0.07921261
      objectReference: {fileID: 0}
    - target: {fileID: -304430931267821424, guid: 45750dd6836986d4b8486c9ea205badc,
        type: 3}
      propertyPath: m_LocalPosition.x
      value: -0.225
      objectReference: {fileID: 0}
    - target: {fileID: -304430931267821424, guid: 45750dd6836986d4b8486c9ea205badc,
        type: 3}
      propertyPath: m_LocalRotation.y
      value: 0
      objectReference: {fileID: 0}
    - target: {fileID: -304430931267821424, guid: 45750dd6836986d4b8486c9ea205badc,
        type: 3}
      propertyPath: m_LocalRotation.z
      value: 1
      objectReference: {fileID: 0}
    - target: {fileID: -304430931267821424, guid: 45750dd6836986d4b8486c9ea205badc,
        type: 3}
      propertyPath: m_LocalRotation.w
      value: 0
      objectReference: {fileID: 0}
    - target: {fileID: -304430931267821424, guid: 45750dd6836986d4b8486c9ea205badc,
        type: 3}
      propertyPath: m_LocalEulerAnglesHint.z
      value: 180
      objectReference: {fileID: 0}
    - target: {fileID: -8241939591566379953, guid: 45750dd6836986d4b8486c9ea205badc,
        type: 3}
      propertyPath: m_LocalPosition.x
      value: 0.015266873
      objectReference: {fileID: 0}
    - target: {fileID: -7431826985491116649, guid: 45750dd6836986d4b8486c9ea205badc,
        type: 3}
      propertyPath: m_Materials.Array.data[0]
      value: 
      objectReference: {fileID: 2100000, guid: e1d83d0dd15082e4c91ca3160f44d39e, type: 2}
    - target: {fileID: 691434897195143349, guid: 45750dd6836986d4b8486c9ea205badc,
        type: 3}
      propertyPath: m_Materials.Array.data[0]
      value: 
      objectReference: {fileID: 2100000, guid: e1d83d0dd15082e4c91ca3160f44d39e, type: 2}
    - target: {fileID: -2621413714742118295, guid: 45750dd6836986d4b8486c9ea205badc,
        type: 3}
      propertyPath: m_Materials.Array.data[0]
      value: 
      objectReference: {fileID: 2100000, guid: e1d83d0dd15082e4c91ca3160f44d39e, type: 2}
    m_RemovedComponents: []
  m_SourcePrefab: {fileID: 100100000, guid: 45750dd6836986d4b8486c9ea205badc, type: 3}
--- !u!4 &3743546092102950072 stripped
Transform:
  m_CorrespondingSourceObject: {fileID: -4216859302048453862, guid: 45750dd6836986d4b8486c9ea205badc,
    type: 3}
  m_PrefabInstance: {fileID: 8541370918658684834}
  m_PrefabAsset: {fileID: 0}
