%YAML 1.1
%TAG !u! tag:unity3d.com,2011:
--- !u!1 &989739391399566837
GameObject:
  m_ObjectHideFlags: 0
  m_CorrespondingSourceObject: {fileID: 0}
  m_PrefabInstance: {fileID: 0}
  m_PrefabAsset: {fileID: 0}
  serializedVersion: 6
  m_Component:
  - component: {fileID: 989739391399566839}
  - component: {fileID: 989739391399566836}
  m_Layer: 0
  m_Name: PitFall
  m_TagString: Untagged
  m_Icon: {fileID: 0}
  m_NavMeshLayer: 0
  m_StaticEditorFlags: 0
  m_IsActive: 1
--- !u!4 &989739391399566839
Transform:
  m_ObjectHideFlags: 0
  m_CorrespondingSourceObject: {fileID: 0}
  m_PrefabInstance: {fileID: 0}
  m_PrefabAsset: {fileID: 0}
  m_GameObject: {fileID: 989739391399566837}
  m_LocalRotation: {x: -0, y: -0, z: -0, w: 1}
  m_LocalPosition: {x: -62.495, y: 2.0872, z: -71.806}
  m_LocalScale: {x: 1, y: 1, z: 1}
  m_Children:
  - {fileID: 5244149798923379022}
  - {fileID: 989739392408006841}
  m_Father: {fileID: 989739391429950821}
  m_RootOrder: 0
  m_LocalEulerAnglesHint: {x: 0, y: 0, z: 0}
--- !u!114 &989739391399566836
MonoBehaviour:
  m_ObjectHideFlags: 0
  m_CorrespondingSourceObject: {fileID: 0}
  m_PrefabInstance: {fileID: 0}
  m_PrefabAsset: {fileID: 0}
  m_GameObject: {fileID: 989739391399566837}
  m_Enabled: 1
  m_EditorHideFlags: 0
  m_Script: {fileID: 11500000, guid: 78ef52942289abe4996b5928b6573809, type: 3}
  m_Name: 
  m_EditorClassIdentifier: 
  trap: 3
  test: 0
  inUse: 0
  startPosition: {x: 0, y: 0, z: 0}
  otherWall: {fileID: 0}
  howLongUntilReOpen: 0
  howLongUntilClose: 0
  shootingPoints: []
  projectile: {fileID: 0}
  lengthOfShoot: 0
  bulletSpeed: 0
  delayOfShoot: 0
  damageFlag: {fileID: 0}
  damage: 0
  force: 0
  spikeLocations: []
  waitTimeBetweenUpAndDown: 0
  Y: 0.081
  numOfSpikesThatGoUp: 0
  numOfTimesSpikesTrigger: 0
  trapDoor: {fileID: 9123641581819482973}
  waitTime: 1
  goalRotation: {x: -90, y: 90, z: 0}
  trapCollider: {fileID: 989739391597021778}
--- !u!1 &989739391429950874
GameObject:
  m_ObjectHideFlags: 0
  m_CorrespondingSourceObject: {fileID: 0}
  m_PrefabInstance: {fileID: 0}
  m_PrefabAsset: {fileID: 0}
  serializedVersion: 6
  m_Component:
  - component: {fileID: 989739391429950821}
  m_Layer: 14
  m_Name: Pitfall Trap
  m_TagString: Untagged
  m_Icon: {fileID: 0}
  m_NavMeshLayer: 0
  m_StaticEditorFlags: 0
  m_IsActive: 1
--- !u!4 &989739391429950821
Transform:
  m_ObjectHideFlags: 0
  m_CorrespondingSourceObject: {fileID: 0}
  m_PrefabInstance: {fileID: 0}
  m_PrefabAsset: {fileID: 0}
  m_GameObject: {fileID: 989739391429950874}
  m_LocalRotation: {x: 0, y: 0, z: 0, w: 1}
  m_LocalPosition: {x: 14.662, y: 0.000058651, z: -0.00039262}
  m_LocalScale: {x: 1, y: 1, z: 1}
  m_Children:
  - {fileID: 989739391399566839}
  - {fileID: 989739391697202168}
  - {fileID: 989739391664298761}
  - {fileID: 989739392717899712}
  m_Father: {fileID: 0}
  m_RootOrder: 0
  m_LocalEulerAnglesHint: {x: 0, y: 0, z: 0}
--- !u!1 &989739391664298766
GameObject:
  m_ObjectHideFlags: 0
  m_CorrespondingSourceObject: {fileID: 0}
  m_PrefabInstance: {fileID: 0}
  m_PrefabAsset: {fileID: 0}
  serializedVersion: 6
  m_Component:
  - component: {fileID: 989739391664298761}
  - component: {fileID: 989739391664298773}
  - component: {fileID: 989739391664298762}
  - component: {fileID: 989739391664298763}
  - component: {fileID: 989739391664298760}
  - component: {fileID: 989739391664298772}
  m_Layer: 12
  m_Name: Trigger
  m_TagString: Untagged
  m_Icon: {fileID: 0}
  m_NavMeshLayer: 0
  m_StaticEditorFlags: 0
  m_IsActive: 1
--- !u!4 &989739391664298761
Transform:
  m_ObjectHideFlags: 0
  m_CorrespondingSourceObject: {fileID: 0}
  m_PrefabInstance: {fileID: 0}
  m_PrefabAsset: {fileID: 0}
  m_GameObject: {fileID: 989739391664298766}
  m_LocalRotation: {x: 0, y: 0, z: 0, w: 1}
  m_LocalPosition: {x: -69.963, y: 4.91, z: -55.404}
  m_LocalScale: {x: 0.5852749, y: 1.2824348, z: 0.64601}
  m_Children: []
  m_Father: {fileID: 989739391429950821}
  m_RootOrder: 2
  m_LocalEulerAnglesHint: {x: 0, y: 0, z: 0}
--- !u!33 &989739391664298773
MeshFilter:
  m_ObjectHideFlags: 0
  m_CorrespondingSourceObject: {fileID: 0}
  m_PrefabInstance: {fileID: 0}
  m_PrefabAsset: {fileID: 0}
  m_GameObject: {fileID: 989739391664298766}
  m_Mesh: {fileID: 10202, guid: 0000000000000000e000000000000000, type: 0}
--- !u!23 &989739391664298762
MeshRenderer:
  m_ObjectHideFlags: 0
  m_CorrespondingSourceObject: {fileID: 0}
  m_PrefabInstance: {fileID: 0}
  m_PrefabAsset: {fileID: 0}
  m_GameObject: {fileID: 989739391664298766}
  m_Enabled: 1
  m_CastShadows: 1
  m_ReceiveShadows: 1
  m_DynamicOccludee: 1
  m_MotionVectors: 1
  m_LightProbeUsage: 1
  m_ReflectionProbeUsage: 1
  m_RenderingLayerMask: 1
  m_RendererPriority: 0
  m_Materials:
  - {fileID: 2100000, guid: 7d0f597c536706948ba706023f4a10fe, type: 2}
  m_StaticBatchInfo:
    firstSubMesh: 0
    subMeshCount: 0
  m_StaticBatchRoot: {fileID: 0}
  m_ProbeAnchor: {fileID: 0}
  m_LightProbeVolumeOverride: {fileID: 0}
  m_ScaleInLightmap: 1
  m_ReceiveGI: 1
  m_PreserveUVs: 0
  m_IgnoreNormalsForChartDetection: 0
  m_ImportantGI: 0
  m_StitchLightmapSeams: 1
  m_SelectedEditorRenderState: 3
  m_MinimumChartSize: 4
  m_AutoUVMaxDistance: 0.5
  m_AutoUVMaxAngle: 89
  m_LightmapParameters: {fileID: 0}
  m_SortingLayerID: 0
  m_SortingLayer: 0
  m_SortingOrder: 0
--- !u!65 &989739391664298763
BoxCollider:
  m_ObjectHideFlags: 0
  m_CorrespondingSourceObject: {fileID: 0}
  m_PrefabInstance: {fileID: 0}
  m_PrefabAsset: {fileID: 0}
  m_GameObject: {fileID: 989739391664298766}
  m_Material: {fileID: 0}
  m_IsTrigger: 0
  m_Enabled: 1
  serializedVersion: 2
  m_Size: {x: 1, y: 1, z: 1}
  m_Center: {x: 0, y: 0, z: 0}
--- !u!114 &989739391664298760
MonoBehaviour:
  m_ObjectHideFlags: 0
  m_CorrespondingSourceObject: {fileID: 0}
  m_PrefabInstance: {fileID: 0}
  m_PrefabAsset: {fileID: 0}
  m_GameObject: {fileID: 989739391664298766}
  m_Enabled: 1
  m_EditorHideFlags: 0
  m_Script: {fileID: 11500000, guid: 486577e7afec7584991a3c430946b348, type: 3}
  m_Name: 
  m_EditorClassIdentifier: 
  storeSettings: {fileID: 11400000, guid: 69add368a1ab0c24eb13b93dcb7f08ed, type: 2}
  type: 2
  cost: 250
  weaponIndex: 0
  ammoCost: 0
  ammoCount: 0
  doorOpenPos: {x: 0, y: 0, z: 0}
  traps:
  - {fileID: 989739391697202169}
  - {fileID: 989739391399566836}
--- !u!82 &989739391664298772
AudioSource:
  m_ObjectHideFlags: 0
  m_CorrespondingSourceObject: {fileID: 0}
  m_PrefabInstance: {fileID: 0}
  m_PrefabAsset: {fileID: 0}
  m_GameObject: {fileID: 989739391664298766}
  m_Enabled: 1
  serializedVersion: 4
  OutputAudioMixerGroup: {fileID: 0}
  m_audioClip: {fileID: 0}
  m_PlayOnAwake: 0
  m_Volume: 1
  m_Pitch: 1
  Loop: 0
  Mute: 0
  Spatialize: 0
  SpatializePostEffects: 0
  Priority: 128
  DopplerLevel: 1
  MinDistance: 10
  MaxDistance: 500
  Pan2D: 0
  rolloffMode: 0
  BypassEffects: 0
  BypassListenerEffects: 0
  BypassReverbZones: 0
  rolloffCustomCurve:
    serializedVersion: 2
    m_Curve:
    - serializedVersion: 3
      time: 0
      value: 1
      inSlope: 0
      outSlope: 0
      tangentMode: 0
      weightedMode: 0
      inWeight: 0.33333334
      outWeight: 0.33333334
    - serializedVersion: 3
      time: 1
      value: 0
      inSlope: 0
      outSlope: 0
      tangentMode: 0
      weightedMode: 0
      inWeight: 0.33333334
      outWeight: 0.33333334
    m_PreInfinity: 2
    m_PostInfinity: 2
    m_RotationOrder: 4
  panLevelCustomCurve:
    serializedVersion: 2
    m_Curve:
    - serializedVersion: 3
      time: 0
      value: 1
      inSlope: 0
      outSlope: 0
      tangentMode: 0
      weightedMode: 0
      inWeight: 0.33333334
      outWeight: 0.33333334
    m_PreInfinity: 2
    m_PostInfinity: 2
    m_RotationOrder: 4
  spreadCustomCurve:
    serializedVersion: 2
    m_Curve:
    - serializedVersion: 3
      time: 0
      value: 0
      inSlope: 0
      outSlope: 0
      tangentMode: 0
      weightedMode: 0
      inWeight: 0.33333334
      outWeight: 0.33333334
    m_PreInfinity: 2
    m_PostInfinity: 2
    m_RotationOrder: 4
  reverbZoneMixCustomCurve:
    serializedVersion: 2
    m_Curve:
    - serializedVersion: 3
      time: 0
      value: 1
      inSlope: 0
      outSlope: 0
      tangentMode: 0
      weightedMode: 0
      inWeight: 0.33333334
      outWeight: 0.33333334
    m_PreInfinity: 2
    m_PostInfinity: 2
    m_RotationOrder: 4
--- !u!1 &989739391697202174
GameObject:
  m_ObjectHideFlags: 0
  m_CorrespondingSourceObject: {fileID: 0}
  m_PrefabInstance: {fileID: 0}
  m_PrefabAsset: {fileID: 0}
  serializedVersion: 6
  m_Component:
  - component: {fileID: 989739391697202168}
  - component: {fileID: 989739391697202169}
  m_Layer: 0
  m_Name: PitFall (1)
  m_TagString: Untagged
  m_Icon: {fileID: 0}
  m_NavMeshLayer: 0
  m_StaticEditorFlags: 0
  m_IsActive: 1
--- !u!4 &989739391697202168
Transform:
  m_ObjectHideFlags: 0
  m_CorrespondingSourceObject: {fileID: 0}
  m_PrefabInstance: {fileID: 0}
  m_PrefabAsset: {fileID: 0}
  m_GameObject: {fileID: 989739391697202174}
  m_LocalRotation: {x: -0, y: -0, z: -0, w: 1}
  m_LocalPosition: {x: -64.996, y: 3.1302, z: -50.187}
  m_LocalScale: {x: -1, y: -1, z: -1}
  m_Children:
  - {fileID: 5244149799725233187}
  - {fileID: 989739391842195027}
  m_Father: {fileID: 989739391429950821}
  m_RootOrder: 1
  m_LocalEulerAnglesHint: {x: 0, y: 0, z: 0}
--- !u!114 &989739391697202169
MonoBehaviour:
  m_ObjectHideFlags: 0
  m_CorrespondingSourceObject: {fileID: 0}
  m_PrefabInstance: {fileID: 0}
  m_PrefabAsset: {fileID: 0}
  m_GameObject: {fileID: 989739391697202174}
  m_Enabled: 1
  m_EditorHideFlags: 0
  m_Script: {fileID: 11500000, guid: 78ef52942289abe4996b5928b6573809, type: 3}
  m_Name: 
  m_EditorClassIdentifier: 
  trap: 3
  test: 0
  inUse: 0
  startPosition: {x: 0, y: 0, z: 0}
  otherWall: {fileID: 0}
  howLongUntilReOpen: 0
  howLongUntilClose: 0
  shootingPoints: []
  projectile: {fileID: 0}
  lengthOfShoot: 0
  bulletSpeed: 0
  delayOfShoot: 0
  damageFlag: {fileID: 0}
  damage: 0
  force: 0
  spikeLocations: []
  waitTimeBetweenUpAndDown: 0
  Y: 0.081
  numOfSpikesThatGoUp: 0
  numOfTimesSpikesTrigger: 0
  trapDoor: {fileID: 9123641580473288240}
  waitTime: 1
  goalRotation: {x: 90, y: 90, z: 0}
  trapCollider: {fileID: 989739392397958919}
--- !u!65 &989739391841799388
BoxCollider:
  m_ObjectHideFlags: 0
  m_CorrespondingSourceObject: {fileID: 0}
  m_PrefabInstance: {fileID: 0}
  m_PrefabAsset: {fileID: 0}
  m_GameObject: {fileID: 989739391841766003}
  m_Material: {fileID: 0}
  m_IsTrigger: 0
  m_Enabled: 1
  serializedVersion: 2
  m_Size: {x: 2.1177466, y: 0.55764234, z: 2.733794}
  m_Center: {x: -1.0588733, y: -0.27882117, z: -1.366897}
--- !u!65 &989739392408398394
BoxCollider:
  m_ObjectHideFlags: 0
  m_CorrespondingSourceObject: {fileID: 0}
  m_PrefabInstance: {fileID: 0}
  m_PrefabAsset: {fileID: 0}
  m_GameObject: {fileID: 989739392408431769}
  m_Material: {fileID: 0}
  m_IsTrigger: 0
  m_Enabled: 1
  serializedVersion: 2
  m_Size: {x: 2.1177464, y: 0.5576423, z: 2.733794}
  m_Center: {x: -1.0588732, y: -0.27882114, z: -1.366897}
--- !u!1 &989739392717899713
GameObject:
  m_ObjectHideFlags: 0
  m_CorrespondingSourceObject: {fileID: 0}
  m_PrefabInstance: {fileID: 0}
  m_PrefabAsset: {fileID: 0}
  serializedVersion: 6
  m_Component:
  - component: {fileID: 989739392717899712}
  - component: {fileID: 989739392717899727}
  - component: {fileID: 989739392717899724}
  - component: {fileID: 989739392717899725}
  - component: {fileID: 989739392717899714}
  - component: {fileID: 989739392717899715}
  m_Layer: 12
  m_Name: Trigger (1)
  m_TagString: Untagged
  m_Icon: {fileID: 0}
  m_NavMeshLayer: 0
  m_StaticEditorFlags: 0
  m_IsActive: 1
--- !u!4 &989739392717899712
Transform:
  m_ObjectHideFlags: 0
  m_CorrespondingSourceObject: {fileID: 0}
  m_PrefabInstance: {fileID: 0}
  m_PrefabAsset: {fileID: 0}
  m_GameObject: {fileID: 989739392717899713}
  m_LocalRotation: {x: 0, y: 0, z: 0, w: 1}
  m_LocalPosition: {x: -57.57, y: 4.91, z: -55.404}
  m_LocalScale: {x: 0.5852749, y: 1.2824348, z: 0.64601}
  m_Children: []
  m_Father: {fileID: 989739391429950821}
  m_RootOrder: 3
  m_LocalEulerAnglesHint: {x: 0, y: 0, z: 0}
--- !u!33 &989739392717899727
MeshFilter:
  m_ObjectHideFlags: 0
  m_CorrespondingSourceObject: {fileID: 0}
  m_PrefabInstance: {fileID: 0}
  m_PrefabAsset: {fileID: 0}
  m_GameObject: {fileID: 989739392717899713}
  m_Mesh: {fileID: 10202, guid: 0000000000000000e000000000000000, type: 0}
--- !u!23 &989739392717899724
MeshRenderer:
  m_ObjectHideFlags: 0
  m_CorrespondingSourceObject: {fileID: 0}
  m_PrefabInstance: {fileID: 0}
  m_PrefabAsset: {fileID: 0}
  m_GameObject: {fileID: 989739392717899713}
  m_Enabled: 1
  m_CastShadows: 1
  m_ReceiveShadows: 1
  m_DynamicOccludee: 1
  m_MotionVectors: 1
  m_LightProbeUsage: 1
  m_ReflectionProbeUsage: 1
  m_RenderingLayerMask: 1
  m_RendererPriority: 0
  m_Materials:
  - {fileID: 2100000, guid: 7d0f597c536706948ba706023f4a10fe, type: 2}
  m_StaticBatchInfo:
    firstSubMesh: 0
    subMeshCount: 0
  m_StaticBatchRoot: {fileID: 0}
  m_ProbeAnchor: {fileID: 0}
  m_LightProbeVolumeOverride: {fileID: 0}
  m_ScaleInLightmap: 1
  m_ReceiveGI: 1
  m_PreserveUVs: 0
  m_IgnoreNormalsForChartDetection: 0
  m_ImportantGI: 0
  m_StitchLightmapSeams: 1
  m_SelectedEditorRenderState: 3
  m_MinimumChartSize: 4
  m_AutoUVMaxDistance: 0.5
  m_AutoUVMaxAngle: 89
  m_LightmapParameters: {fileID: 0}
  m_SortingLayerID: 0
  m_SortingLayer: 0
  m_SortingOrder: 0
--- !u!65 &989739392717899725
BoxCollider:
  m_ObjectHideFlags: 0
  m_CorrespondingSourceObject: {fileID: 0}
  m_PrefabInstance: {fileID: 0}
  m_PrefabAsset: {fileID: 0}
  m_GameObject: {fileID: 989739392717899713}
  m_Material: {fileID: 0}
  m_IsTrigger: 0
  m_Enabled: 1
  serializedVersion: 2
  m_Size: {x: 1, y: 1, z: 1}
  m_Center: {x: 0, y: 0, z: 0}
--- !u!114 &989739392717899714
MonoBehaviour:
  m_ObjectHideFlags: 0
  m_CorrespondingSourceObject: {fileID: 0}
  m_PrefabInstance: {fileID: 0}
  m_PrefabAsset: {fileID: 0}
  m_GameObject: {fileID: 989739392717899713}
  m_Enabled: 1
  m_EditorHideFlags: 0
  m_Script: {fileID: 11500000, guid: 486577e7afec7584991a3c430946b348, type: 3}
  m_Name: 
  m_EditorClassIdentifier: 
  storeSettings: {fileID: 11400000, guid: 69add368a1ab0c24eb13b93dcb7f08ed, type: 2}
  type: 2
  cost: 250
  weaponIndex: 0
  ammoCost: 0
  ammoCount: 0
  doorOpenPos: {x: 0, y: 0, z: 0}
  traps:
  - {fileID: 989739391697202169}
  - {fileID: 989739391399566836}
--- !u!82 &989739392717899715
AudioSource:
  m_ObjectHideFlags: 0
  m_CorrespondingSourceObject: {fileID: 0}
  m_PrefabInstance: {fileID: 0}
  m_PrefabAsset: {fileID: 0}
  m_GameObject: {fileID: 989739392717899713}
  m_Enabled: 1
  serializedVersion: 4
  OutputAudioMixerGroup: {fileID: 0}
  m_audioClip: {fileID: 0}
  m_PlayOnAwake: 0
  m_Volume: 1
  m_Pitch: 1
  Loop: 0
  Mute: 0
  Spatialize: 0
  SpatializePostEffects: 0
  Priority: 128
  DopplerLevel: 1
  MinDistance: 10
  MaxDistance: 500
  Pan2D: 0
  rolloffMode: 0
  BypassEffects: 0
  BypassListenerEffects: 0
  BypassReverbZones: 0
  rolloffCustomCurve:
    serializedVersion: 2
    m_Curve:
    - serializedVersion: 3
      time: 0
      value: 1
      inSlope: 0
      outSlope: 0
      tangentMode: 0
      weightedMode: 0
      inWeight: 0.33333334
      outWeight: 0.33333334
    - serializedVersion: 3
      time: 1
      value: 0
      inSlope: 0
      outSlope: 0
      tangentMode: 0
      weightedMode: 0
      inWeight: 0.33333334
      outWeight: 0.33333334
    m_PreInfinity: 2
    m_PostInfinity: 2
    m_RotationOrder: 4
  panLevelCustomCurve:
    serializedVersion: 2
    m_Curve:
    - serializedVersion: 3
      time: 0
      value: 1
      inSlope: 0
      outSlope: 0
      tangentMode: 0
      weightedMode: 0
      inWeight: 0.33333334
      outWeight: 0.33333334
    m_PreInfinity: 2
    m_PostInfinity: 2
    m_RotationOrder: 4
  spreadCustomCurve:
    serializedVersion: 2
    m_Curve:
    - serializedVersion: 3
      time: 0
      value: 0
      inSlope: 0
      outSlope: 0
      tangentMode: 0
      weightedMode: 0
      inWeight: 0.33333334
      outWeight: 0.33333334
    m_PreInfinity: 2
    m_PostInfinity: 2
    m_RotationOrder: 4
  reverbZoneMixCustomCurve:
    serializedVersion: 2
    m_Curve:
    - serializedVersion: 3
      time: 0
      value: 1
      inSlope: 0
      outSlope: 0
      tangentMode: 0
      weightedMode: 0
      inWeight: 0.33333334
      outWeight: 0.33333334
    m_PreInfinity: 2
    m_PostInfinity: 2
    m_RotationOrder: 4
--- !u!65 &989739392397958919
BoxCollider:
  m_ObjectHideFlags: 0
  m_CorrespondingSourceObject: {fileID: 0}
  m_PrefabInstance: {fileID: 0}
  m_PrefabAsset: {fileID: 0}
  m_GameObject: {fileID: 9123641580473288240}
  m_Material: {fileID: 0}
  m_IsTrigger: 1
  m_Enabled: 0
  serializedVersion: 2
  m_Size: {x: 6.640049, y: 4.383682, z: 3.1912272}
  m_Center: {x: -0.006859321, y: 1.9769323, z: 1.5956092}
--- !u!65 &989739392397958970
BoxCollider:
  m_ObjectHideFlags: 0
  m_CorrespondingSourceObject: {fileID: 0}
  m_PrefabInstance: {fileID: 0}
  m_PrefabAsset: {fileID: 0}
  m_GameObject: {fileID: 9123641580473288240}
  m_Material: {fileID: 0}
  m_IsTrigger: 0
  m_Enabled: 1
  serializedVersion: 2
  m_Size: {x: 6.6400514, y: 0.42981863, z: 3.1304567}
  m_Center: {x: -0.0068593044, y: 0.00000011920929, z: 1.5652245}
--- !u!114 &8311948778029886624
MonoBehaviour:
  m_ObjectHideFlags: 0
  m_CorrespondingSourceObject: {fileID: 0}
  m_PrefabInstance: {fileID: 0}
  m_PrefabAsset: {fileID: 0}
  m_GameObject: {fileID: 9123641580473288240}
  m_Enabled: 1
  m_EditorHideFlags: 0
  m_Script: {fileID: 11500000, guid: c2bed36c33c7fbb4884c0ba2548e53e3, type: 3}
  m_Name: 
  m_EditorClassIdentifier: 
--- !u!65 &989739391597021777
BoxCollider:
  m_ObjectHideFlags: 0
  m_CorrespondingSourceObject: {fileID: 0}
  m_PrefabInstance: {fileID: 0}
  m_PrefabAsset: {fileID: 0}
  m_GameObject: {fileID: 9123641581819482973}
  m_Material: {fileID: 0}
  m_IsTrigger: 0
  m_Enabled: 1
  serializedVersion: 2
  m_Size: {x: 6.6400514, y: 0.42981863, z: 3.1304567}
  m_Center: {x: -0.006866934, y: 0, z: 1.5652245}
--- !u!65 &989739391597021778
BoxCollider:
  m_ObjectHideFlags: 0
  m_CorrespondingSourceObject: {fileID: 0}
  m_PrefabInstance: {fileID: 0}
  m_PrefabAsset: {fileID: 0}
  m_GameObject: {fileID: 9123641581819482973}
  m_Material: {fileID: 0}
  m_IsTrigger: 1
  m_Enabled: 0
  serializedVersion: 2
  m_Size: {x: 6.6400514, y: 3.9717116, z: 2.8782616}
  m_Center: {x: -0.0068668155, y: 1.7709465, z: 1.4391274}
--- !u!114 &3859230525260944781
MonoBehaviour:
  m_ObjectHideFlags: 0
  m_CorrespondingSourceObject: {fileID: 0}
  m_PrefabInstance: {fileID: 0}
  m_PrefabAsset: {fileID: 0}
  m_GameObject: {fileID: 9123641581819482973}
  m_Enabled: 1
  m_EditorHideFlags: 0
  m_Script: {fileID: 11500000, guid: c2bed36c33c7fbb4884c0ba2548e53e3, type: 3}
  m_Name: 
  m_EditorClassIdentifier: 
--- !u!1001 &989739391597021780
PrefabInstance:
  m_ObjectHideFlags: 0
  serializedVersion: 2
  m_Modification:
    m_TransformParent: {fileID: 989739391399566839}
    m_Modifications:
    - target: {fileID: -927199367670048503, guid: f2d5ae0c2de100447bc36ade226596ab,
        type: 3}
      propertyPath: m_Name
      value: Trap_Door_Mesh (1)
      objectReference: {fileID: 0}
    - target: {fileID: -927199367670048503, guid: f2d5ae0c2de100447bc36ade226596ab,
        type: 3}
      propertyPath: m_StaticEditorFlags
      value: 8
      objectReference: {fileID: 0}
    - target: {fileID: -4216859302048453862, guid: f2d5ae0c2de100447bc36ade226596ab,
        type: 3}
      propertyPath: m_LocalPosition.x
      value: 3.5185986
      objectReference: {fileID: 0}
    - target: {fileID: -4216859302048453862, guid: f2d5ae0c2de100447bc36ade226596ab,
        type: 3}
      propertyPath: m_LocalPosition.y
      value: 0.29321003
      objectReference: {fileID: 0}
    - target: {fileID: -4216859302048453862, guid: f2d5ae0c2de100447bc36ade226596ab,
        type: 3}
      propertyPath: m_LocalPosition.z
      value: 11.929001
      objectReference: {fileID: 0}
    - target: {fileID: -4216859302048453862, guid: f2d5ae0c2de100447bc36ade226596ab,
        type: 3}
      propertyPath: m_LocalRotation.x
      value: -0
      objectReference: {fileID: 0}
    - target: {fileID: -4216859302048453862, guid: f2d5ae0c2de100447bc36ade226596ab,
        type: 3}
      propertyPath: m_LocalRotation.y
      value: 0.70710576
      objectReference: {fileID: 0}
    - target: {fileID: -4216859302048453862, guid: f2d5ae0c2de100447bc36ade226596ab,
        type: 3}
      propertyPath: m_LocalRotation.z
      value: -0
      objectReference: {fileID: 0}
    - target: {fileID: -4216859302048453862, guid: f2d5ae0c2de100447bc36ade226596ab,
        type: 3}
      propertyPath: m_LocalRotation.w
      value: 0.7071079
      objectReference: {fileID: 0}
    - target: {fileID: -4216859302048453862, guid: f2d5ae0c2de100447bc36ade226596ab,
        type: 3}
      propertyPath: m_RootOrder
      value: 0
      objectReference: {fileID: 0}
    - target: {fileID: -4216859302048453862, guid: f2d5ae0c2de100447bc36ade226596ab,
        type: 3}
      propertyPath: m_LocalEulerAnglesHint.x
      value: 0
      objectReference: {fileID: 0}
    - target: {fileID: -4216859302048453862, guid: f2d5ae0c2de100447bc36ade226596ab,
        type: 3}
      propertyPath: m_LocalEulerAnglesHint.y
      value: 90.00001
      objectReference: {fileID: 0}
    - target: {fileID: -4216859302048453862, guid: f2d5ae0c2de100447bc36ade226596ab,
        type: 3}
      propertyPath: m_LocalEulerAnglesHint.z
      value: 0
      objectReference: {fileID: 0}
    - target: {fileID: -4216859302048453862, guid: f2d5ae0c2de100447bc36ade226596ab,
        type: 3}
      propertyPath: m_LocalScale.x
      value: 1.5263088
      objectReference: {fileID: 0}
    - target: {fileID: -4216859302048453862, guid: f2d5ae0c2de100447bc36ade226596ab,
        type: 3}
      propertyPath: m_LocalScale.y
      value: 1.5263078
      objectReference: {fileID: 0}
    - target: {fileID: -4216859302048453862, guid: f2d5ae0c2de100447bc36ade226596ab,
        type: 3}
      propertyPath: m_LocalScale.z
      value: -1.5263088
      objectReference: {fileID: 0}
    - target: {fileID: -1504981713932161579, guid: f2d5ae0c2de100447bc36ade226596ab,
        type: 3}
      propertyPath: m_Materials.Array.data[0]
      value: 
      objectReference: {fileID: 2100000, guid: 9ffec9e6be95b9d4aa3fcaf8f0478194, type: 2}
    m_RemovedComponents: []
  m_SourcePrefab: {fileID: 100100000, guid: f2d5ae0c2de100447bc36ade226596ab, type: 3}
--- !u!1 &9123641581819482973 stripped
GameObject:
  m_CorrespondingSourceObject: {fileID: -927199367670048503, guid: f2d5ae0c2de100447bc36ade226596ab,
    type: 3}
  m_PrefabInstance: {fileID: 989739391597021780}
  m_PrefabAsset: {fileID: 0}
--- !u!4 &5244149798923379022 stripped
Transform:
  m_CorrespondingSourceObject: {fileID: -4216859302048453862, guid: f2d5ae0c2de100447bc36ade226596ab,
    type: 3}
  m_PrefabInstance: {fileID: 989739391597021780}
  m_PrefabAsset: {fileID: 0}
--- !u!1001 &989739391841799379
PrefabInstance:
  m_ObjectHideFlags: 0
  serializedVersion: 2
  m_Modification:
    m_TransformParent: {fileID: 989739391697202168}
    m_Modifications:
    - target: {fileID: 100000, guid: b8fa1fe21a196e94a94c6066628be64f, type: 3}
      propertyPath: m_Name
      value: Trapdoor
      objectReference: {fileID: 0}
    - target: {fileID: 100000, guid: b8fa1fe21a196e94a94c6066628be64f, type: 3}
      propertyPath: m_Layer
      value: 14
      objectReference: {fileID: 0}
    - target: {fileID: 100000, guid: b8fa1fe21a196e94a94c6066628be64f, type: 3}
      propertyPath: m_StaticEditorFlags
      value: 40
      objectReference: {fileID: 0}
    - target: {fileID: 100000, guid: b8fa1fe21a196e94a94c6066628be64f, type: 3}
      propertyPath: m_IsActive
      value: 0
      objectReference: {fileID: 0}
    - target: {fileID: 400000, guid: b8fa1fe21a196e94a94c6066628be64f, type: 3}
      propertyPath: m_LocalPosition.x
      value: 3.498
      objectReference: {fileID: 0}
    - target: {fileID: 400000, guid: b8fa1fe21a196e94a94c6066628be64f, type: 3}
      propertyPath: m_LocalPosition.y
      value: 1.01
      objectReference: {fileID: 0}
    - target: {fileID: 400000, guid: b8fa1fe21a196e94a94c6066628be64f, type: 3}
      propertyPath: m_LocalPosition.z
      value: 13.37
      objectReference: {fileID: 0}
    - target: {fileID: 400000, guid: b8fa1fe21a196e94a94c6066628be64f, type: 3}
      propertyPath: m_LocalRotation.x
      value: 0
      objectReference: {fileID: 0}
    - target: {fileID: 400000, guid: b8fa1fe21a196e94a94c6066628be64f, type: 3}
      propertyPath: m_LocalRotation.y
      value: 0
      objectReference: {fileID: 0}
    - target: {fileID: 400000, guid: b8fa1fe21a196e94a94c6066628be64f, type: 3}
      propertyPath: m_LocalRotation.z
      value: -0.01745245
      objectReference: {fileID: 0}
    - target: {fileID: 400000, guid: b8fa1fe21a196e94a94c6066628be64f, type: 3}
      propertyPath: m_LocalRotation.w
      value: 0.99984777
      objectReference: {fileID: 0}
    - target: {fileID: 400000, guid: b8fa1fe21a196e94a94c6066628be64f, type: 3}
      propertyPath: m_RootOrder
      value: 1
      objectReference: {fileID: 0}
    - target: {fileID: 400000, guid: b8fa1fe21a196e94a94c6066628be64f, type: 3}
      propertyPath: m_LocalEulerAnglesHint.x
      value: 0
      objectReference: {fileID: 0}
    - target: {fileID: 400000, guid: b8fa1fe21a196e94a94c6066628be64f, type: 3}
      propertyPath: m_LocalEulerAnglesHint.y
      value: 0
      objectReference: {fileID: 0}
    - target: {fileID: 400000, guid: b8fa1fe21a196e94a94c6066628be64f, type: 3}
      propertyPath: m_LocalEulerAnglesHint.z
      value: -2
      objectReference: {fileID: 0}
    - target: {fileID: 400000, guid: b8fa1fe21a196e94a94c6066628be64f, type: 3}
      propertyPath: m_LocalScale.x
      value: 2.2623272
      objectReference: {fileID: 0}
    - target: {fileID: 400000, guid: b8fa1fe21a196e94a94c6066628be64f, type: 3}
      propertyPath: m_LocalScale.z
      value: 3.0614
      objectReference: {fileID: 0}
    - target: {fileID: 2300000, guid: b8fa1fe21a196e94a94c6066628be64f, type: 3}
      propertyPath: m_Materials.Array.data[0]
      value: 
      objectReference: {fileID: 2100000, guid: f2ab8632fab1ea5459f8ebc4b49f9c48, type: 2}
    m_RemovedComponents: []
  m_SourcePrefab: {fileID: 100100000, guid: b8fa1fe21a196e94a94c6066628be64f, type: 3}
--- !u!1 &989739391841766003 stripped
GameObject:
  m_CorrespondingSourceObject: {fileID: 100000, guid: b8fa1fe21a196e94a94c6066628be64f,
    type: 3}
  m_PrefabInstance: {fileID: 989739391841799379}
  m_PrefabAsset: {fileID: 0}
--- !u!4 &989739391842195027 stripped
Transform:
  m_CorrespondingSourceObject: {fileID: 400000, guid: b8fa1fe21a196e94a94c6066628be64f,
    type: 3}
  m_PrefabInstance: {fileID: 989739391841799379}
  m_PrefabAsset: {fileID: 0}
--- !u!1001 &989739392397958969
PrefabInstance:
  m_ObjectHideFlags: 0
  serializedVersion: 2
  m_Modification:
    m_TransformParent: {fileID: 989739391697202168}
    m_Modifications:
    - target: {fileID: -927199367670048503, guid: f2d5ae0c2de100447bc36ade226596ab,
        type: 3}
      propertyPath: m_Name
      value: Trap_Door_Mesh
      objectReference: {fileID: 0}
    - target: {fileID: -927199367670048503, guid: f2d5ae0c2de100447bc36ade226596ab,
        type: 3}
      propertyPath: m_StaticEditorFlags
      value: 8
      objectReference: {fileID: 0}
    - target: {fileID: -4216859302048453862, guid: f2d5ae0c2de100447bc36ade226596ab,
        type: 3}
      propertyPath: m_LocalPosition.x
      value: 3.54
      objectReference: {fileID: 0}
    - target: {fileID: -4216859302048453862, guid: f2d5ae0c2de100447bc36ade226596ab,
        type: 3}
      propertyPath: m_LocalPosition.y
      value: 0.74979
      objectReference: {fileID: 0}
    - target: {fileID: -4216859302048453862, guid: f2d5ae0c2de100447bc36ade226596ab,
        type: 3}
      propertyPath: m_LocalPosition.z
      value: 9.69
      objectReference: {fileID: 0}
    - target: {fileID: -4216859302048453862, guid: f2d5ae0c2de100447bc36ade226596ab,
        type: 3}
      propertyPath: m_LocalRotation.x
      value: -0
      objectReference: {fileID: 0}
    - target: {fileID: -4216859302048453862, guid: f2d5ae0c2de100447bc36ade226596ab,
        type: 3}
      propertyPath: m_LocalRotation.y
      value: 0.70710576
      objectReference: {fileID: 0}
    - target: {fileID: -4216859302048453862, guid: f2d5ae0c2de100447bc36ade226596ab,
        type: 3}
      propertyPath: m_LocalRotation.z
      value: -0
      objectReference: {fileID: 0}
    - target: {fileID: -4216859302048453862, guid: f2d5ae0c2de100447bc36ade226596ab,
        type: 3}
      propertyPath: m_LocalRotation.w
      value: 0.70710784
      objectReference: {fileID: 0}
    - target: {fileID: -4216859302048453862, guid: f2d5ae0c2de100447bc36ade226596ab,
        type: 3}
      propertyPath: m_RootOrder
      value: 0
      objectReference: {fileID: 0}
    - target: {fileID: -4216859302048453862, guid: f2d5ae0c2de100447bc36ade226596ab,
        type: 3}
      propertyPath: m_LocalEulerAnglesHint.x
      value: 0
      objectReference: {fileID: 0}
    - target: {fileID: -4216859302048453862, guid: f2d5ae0c2de100447bc36ade226596ab,
        type: 3}
      propertyPath: m_LocalEulerAnglesHint.y
      value: 90.00001
      objectReference: {fileID: 0}
    - target: {fileID: -4216859302048453862, guid: f2d5ae0c2de100447bc36ade226596ab,
        type: 3}
      propertyPath: m_LocalEulerAnglesHint.z
      value: 0
      objectReference: {fileID: 0}
    - target: {fileID: -4216859302048453862, guid: f2d5ae0c2de100447bc36ade226596ab,
        type: 3}
      propertyPath: m_LocalScale.x
      value: -1.5263078
      objectReference: {fileID: 0}
    - target: {fileID: -4216859302048453862, guid: f2d5ae0c2de100447bc36ade226596ab,
        type: 3}
      propertyPath: m_LocalScale.y
      value: -1.5263078
      objectReference: {fileID: 0}
    - target: {fileID: -4216859302048453862, guid: f2d5ae0c2de100447bc36ade226596ab,
        type: 3}
      propertyPath: m_LocalScale.z
      value: -1.5263078
      objectReference: {fileID: 0}
    - target: {fileID: -1504981713932161579, guid: f2d5ae0c2de100447bc36ade226596ab,
        type: 3}
      propertyPath: m_Materials.Array.data[0]
      value: 
      objectReference: {fileID: 2100000, guid: 9ffec9e6be95b9d4aa3fcaf8f0478194, type: 2}
    m_RemovedComponents: []
  m_SourcePrefab: {fileID: 100100000, guid: f2d5ae0c2de100447bc36ade226596ab, type: 3}
--- !u!4 &5244149799725233187 stripped
Transform:
  m_CorrespondingSourceObject: {fileID: -4216859302048453862, guid: f2d5ae0c2de100447bc36ade226596ab,
    type: 3}
  m_PrefabInstance: {fileID: 989739392397958969}
  m_PrefabAsset: {fileID: 0}
--- !u!1 &9123641580473288240 stripped
GameObject:
  m_CorrespondingSourceObject: {fileID: -927199367670048503, guid: f2d5ae0c2de100447bc36ade226596ab,
    type: 3}
  m_PrefabInstance: {fileID: 989739392397958969}
  m_PrefabAsset: {fileID: 0}
--- !u!1001 &989739392408398393
PrefabInstance:
  m_ObjectHideFlags: 0
  serializedVersion: 2
  m_Modification:
    m_TransformParent: {fileID: 989739391399566839}
    m_Modifications:
    - target: {fileID: 100000, guid: b8fa1fe21a196e94a94c6066628be64f, type: 3}
      propertyPath: m_Name
      value: Trapdoor
      objectReference: {fileID: 0}
    - target: {fileID: 100000, guid: b8fa1fe21a196e94a94c6066628be64f, type: 3}
      propertyPath: m_Layer
      value: 14
      objectReference: {fileID: 0}
    - target: {fileID: 100000, guid: b8fa1fe21a196e94a94c6066628be64f, type: 3}
      propertyPath: m_StaticEditorFlags
      value: 40
      objectReference: {fileID: 0}
    - target: {fileID: 100000, guid: b8fa1fe21a196e94a94c6066628be64f, type: 3}
      propertyPath: m_IsActive
      value: 0
      objectReference: {fileID: 0}
    - target: {fileID: 400000, guid: b8fa1fe21a196e94a94c6066628be64f, type: 3}
      propertyPath: m_LocalPosition.x
      value: 3.4935
      objectReference: {fileID: 0}
    - target: {fileID: 400000, guid: b8fa1fe21a196e94a94c6066628be64f, type: 3}
      propertyPath: m_LocalPosition.y
      value: 0.59063995
      objectReference: {fileID: 0}
    - target: {fileID: 400000, guid: b8fa1fe21a196e94a94c6066628be64f, type: 3}
      propertyPath: m_LocalPosition.z
      value: 16.619
      objectReference: {fileID: 0}
    - target: {fileID: 400000, guid: b8fa1fe21a196e94a94c6066628be64f, type: 3}
      propertyPath: m_LocalRotation.x
      value: -0
      objectReference: {fileID: 0}
    - target: {fileID: 400000, guid: b8fa1fe21a196e94a94c6066628be64f, type: 3}
      propertyPath: m_LocalRotation.y
      value: -0
      objectReference: {fileID: 0}
    - target: {fileID: 400000, guid: b8fa1fe21a196e94a94c6066628be64f, type: 3}
      propertyPath: m_LocalRotation.z
      value: 0.018087914
      objectReference: {fileID: 0}
    - target: {fileID: 400000, guid: b8fa1fe21a196e94a94c6066628be64f, type: 3}
      propertyPath: m_LocalRotation.w
      value: 0.99983644
      objectReference: {fileID: 0}
    - target: {fileID: 400000, guid: b8fa1fe21a196e94a94c6066628be64f, type: 3}
      propertyPath: m_RootOrder
      value: 1
      objectReference: {fileID: 0}
    - target: {fileID: 400000, guid: b8fa1fe21a196e94a94c6066628be64f, type: 3}
      propertyPath: m_LocalEulerAnglesHint.x
      value: 0
      objectReference: {fileID: 0}
    - target: {fileID: 400000, guid: b8fa1fe21a196e94a94c6066628be64f, type: 3}
      propertyPath: m_LocalEulerAnglesHint.y
      value: 0
      objectReference: {fileID: 0}
    - target: {fileID: 400000, guid: b8fa1fe21a196e94a94c6066628be64f, type: 3}
      propertyPath: m_LocalEulerAnglesHint.z
      value: 0
      objectReference: {fileID: 0}
    - target: {fileID: 400000, guid: b8fa1fe21a196e94a94c6066628be64f, type: 3}
      propertyPath: m_LocalScale.x
      value: 2.2063346
      objectReference: {fileID: 0}
    - target: {fileID: 400000, guid: b8fa1fe21a196e94a94c6066628be64f, type: 3}
      propertyPath: m_LocalScale.z
      value: 3.0614
      objectReference: {fileID: 0}
    - target: {fileID: 2300000, guid: b8fa1fe21a196e94a94c6066628be64f, type: 3}
      propertyPath: m_Materials.Array.data[0]
      value: 
      objectReference: {fileID: 2100000, guid: f2ab8632fab1ea5459f8ebc4b49f9c48, type: 2}
    m_RemovedComponents: []
  m_SourcePrefab: {fileID: 100100000, guid: b8fa1fe21a196e94a94c6066628be64f, type: 3}
--- !u!4 &989739392408006841 stripped
Transform:
  m_CorrespondingSourceObject: {fileID: 400000, guid: b8fa1fe21a196e94a94c6066628be64f,
    type: 3}
  m_PrefabInstance: {fileID: 989739392408398393}
  m_PrefabAsset: {fileID: 0}
--- !u!1 &989739392408431769 stripped
GameObject:
  m_CorrespondingSourceObject: {fileID: 100000, guid: b8fa1fe21a196e94a94c6066628be64f,
    type: 3}
  m_PrefabInstance: {fileID: 989739392408398393}
  m_PrefabAsset: {fileID: 0}
